<collection xmlns="http://www.loc.gov/MARC21/slim">
<record>
  <leader>00945nam0a22001931i 450 </leader>
  <controlfield tag="001">IT\ICCU\CNCE\058166</controlfield>
  <controlfield tag="005">20040513000000.0</controlfield>
  <datafield tag="100" ind1=" " ind2=" ">
    <subfield code="a">20040513d1587        0itac0103    ba</subfield>
  </datafield>
  <datafield tag="101" ind1=" " ind2=" ">
    <subfield code="a">FRE</subfield>
  </datafield>
  <datafield tag="102" ind1=" " ind2=" ">
    <subfield code="a">IT</subfield>
  </datafield>
  <datafield tag="200" ind1="1" ind2=" ">
    <subfield code="a">Prediction ou Discours de Rizzacasa. Sur le merueilleux effects que les influxions celestes monstrent deuoir aduenir par l&apos;Europe, les ans, mil cinqcens octante six, octante sept, octante huict, octante neuf, nonante. Esquels on peut lire plusieures choses, en peu de parroles. Traduictes d&apos;italien  en franȯis</subfield>
  </datafield>
  <datafield tag="210" ind1=" " ind2=" ">
    <subfield code="a">A Carmagnole</subfield>
    <subfield code="c">chez Marc Anthoine Bellon</subfield>
    <subfield code="d">1587</subfield>
  </datafield>
  <datafield tag="215" ind1=" " ind2=" ">
    <subfield code="a">\8! c.</subfield>
    <subfield code="d">8ʻ</subfield>
  </datafield>
  <datafield tag="620" ind1=" " ind2=" ">
    <subfield code="a">IT</subfield>
    <subfield code="d">Carmagnola</subfield>
  </datafield>
  <datafield tag="700" ind1=" " ind2="1">
    <subfield code="a">Rizzacasa,</subfield>
    <subfield code="b">Giorgio</subfield>
    <subfield code="3">IT\ICCU\CNCA\017715</subfield>
  </datafield>
  <datafield tag="712" ind1="0" ind2="0">
    <subfield code="a">Bellone, Marcantonio</subfield>
    <subfield code="3">IT\ICCU\CNCT\000449</subfield>
    <subfield code="4">650</subfield>
  </datafield>
  <datafield tag="790" ind1=" " ind2="1">
    <subfield code="a">Rizza Casa,</subfield>
    <subfield code="b">Giorgio</subfield>
    <subfield code="3">IT\ICCU\CNCA\023628</subfield>
    <subfield code="z">Rizzacasa, Giorgio</subfield>
  </datafield>
  <datafield tag="791" ind1="0" ind2="0">
    <subfield code="a">Bellonus, Marcus Antonius</subfield>
    <subfield code="3">IT\ICCU\CNCT\004321</subfield>
    <subfield code="z">Bellone, Marcantonio</subfield>
  </datafield>
  <datafield tag="801" ind1=" " ind2="3">
    <subfield code="a">IT</subfield>
    <subfield code="b">ICCU</subfield>
    <subfield code="c">20201115</subfield>
  </datafield>
</record>
</collection>
